@article{mwbs1988,
	Author          = {Malik, S. and Wang, A. and Brayton, R. und Sangiovanni-Vincentelli, A.},
	Title           = {Logic Verification using Binary Decision Diagrams in a Logic Synthesis Environment},
	Journal         = {Proc. Int. Conf. CAD (ICCAD-88)},
	Volume          = {},
	Number          = {},
	Year            = {1988},
	Pages           = {6-9}
}

@article{c1988,
	Author          = {Cho, K.},
	Title           = {Test Pattern Generation for Combinational and Sequential MOS Circuits by Symbolic Fault Simulation},
	Publisher		= {Carnegie Mellon University},
	Volume          = {},
	Number          = {},
	Year            = {1988},
	Pages           = {}
}

@article{bmhs1984,
	Author          = {Brayton, R. K. and McMullen, C. and Hachtel, G. D. und Sangiovanni-Vincentelli, A.},
	Title           = {Logic Minimization Algorithms for VLSI Synthesis},
	Publisher		= {Kluwer Academic Publishers},
	Volume          = {},
	Number          = {},
	Year            = {1984},
	Pages           = {}
}

@book{h2014,
	Author       = {Hein, J. L.},
	Title        = {Discrete Structures, Logic, And Computability},
	Publisher    = {Jones \& Bartlett Learning},
	Year         = {2014},
	Address      = {Burlington}
}

@book{fhs1978,
	Author       = {Fortune, S. and Hopcroft, J. und Schmidt, E.},
	Title        = {The Complexity of Equivalence and Containment for Free Single Variable Program Schemes},
	Publisher    = {Springer},
	Year         = {1978}
}

@misc{m1998, 
	Author 		= {Morris, J.}, 
	Publisher 	= {The University of Auckland}, 
	Title 		= {Data Structures and Algorithms: Hash Tables},  
	Year 		= {1998}, 
	Url 		= {https://www.cs.auckland.ac.nz/software/AlgAnim/hash_tables.html},
	Note 		= {Zuletzt zugegriffen am: 2018-02-10}
} 

@article{adk1991,
	Author 		= {Ashar P. and Devadas S. und Keutzer K.},
	Title 		= {Gate-delay-fault testability properties of multiplexer-based networks},
	Year 		= {1991},
	Publisher	= {Int’l Test Conf.},
}

@article{b1986,
	Author		= {Bryant, R. E.},
	Title 		= {Graph-Based Algorithms for Boolean Function Manipulation},
	Publisher 	= {IEEE Transaction on Computers},
	Year 		= {1986}
}

@misc{p2010,
	Author 		 = {Pfenning, F.},
	Title 		 = {Lecture Notes on Binary Decision Diagrams},
	Year 		 = {2010},
	Howpublished = {\url{https://www.cs.cmu.edu/~fp/courses/15122-f10/lectures/19-bdds.pdf}},
	Note 		 = {Zuletzt zugegriffen am: 2018-02-15}
}

@misc{bfms2001,
	Author 		 = {Becker, B. and Fujita M. and Meinel, C. und Somenzi, F.},
	Title 		 = {Computer Aided Design and Test: BDDs vs. SAT},
	Year 		 = {2001},
	Howpublished = {\url{https://www.dagstuhl.de/Reports/01/01051.pdf}},
	Note 		 = {Zuletzt zugegriffen am: 2018-02-19}
}

@misc{cm1994,
	Author 		 = {Casar, A. und Meolic, R.},
	Title 		 = {Representation of Boolean Functions with ROBDDs},
	Year 		 = {1994},
	Howpublished = {\url{http://research.meolic.com/papers/robdd.pdf}},
	Note 		 = {Zuletzt zugegriffen am: 2018-02-17}
}

@misc{b2008,
	Author 		 = {Baumgartner, J.},
	Title 		 = {Moore's Law v. Verification Complexy},
	Year 		 = {2008},
	Howpublished = {\url{http://www.research.ibm.com/haifa/conferences/hvc2008/present/Moores_Law_Verification_Complexity.pdf}},
	Note 		 = {Zuletzt zugegriffen am: 2018-02-25}
}

@misc{s2007,
	Author 		 = {Sieling, D.},
	Title 		 = {Binary Decision Diagrams},
	Year 		 = {2007},
	Howpublished = {\url{http://ls2-www.cs.uni-dortmund.de/lehre/winter200607/bdd/skript.pdf}},
	Note 		 = {Zuletzt zugegriffen am: 2018-02-27}
}

@misc{brb2007,
	Author 		 = {Brace, K. S. and Rudell, R. L. and Bryant, R. E.},
	Title 		 = {Efficient Implementation of a BDD Package},
	Year 		 = {2007},
	Howpublished = {\url{http://www.ccs.neu.edu/home/pete/courses/Decision-Procedures/2007-Fall/readings/Brace_Rudell_Bryant_Efficient_Implementation_BDD_Package.pdf}},
	Note 		 = {Zuletzt zugegriffen am: 2018-02-16}
}

@misc{rk2017,
	Author 		 = {Krauss, R.},
	Title 		 = {Performance von BDD-basiertem Model Checking},
	Year 		 = {2017},
	Howpublished = {\url{https://runekrauss.com/pdf/model_checking.pdf}},
	Note 		 = {Zuletzt zugegriffen am: 2018-02-24}
}

@article{lsx2013,
	Author          = {Lv, G. and Su, K. and Xu, Y.},
	Title           = {A BDD Package with Dynamic Cache Management},
	Publisher		= {Springer, Berlin, Heidelberg},
	Journal         = {Sharygina N., Veith H. (eds) Computer Aided Verification. Lecture Notes in Computer Science},
	Volume          = {8044},
	Number          = {},
	Year            = {2013},
	Pages           = {}
}

@article{ll92,
	Author          = {Liaw, H. T. and Lin, C. S.},
	Title           = {On the OBDD-representation of general Boolean functions},
	Publisher		= {IEEE Transactions on Computers},
	Volume          = {41},
	Number          = {6},
	Year            = {1992},
	Pages           = {661-664}
}

@book{mt1998,
	Author       = {Meinel, C. and Theobald, T.},
	Title        = {Algorithmen und Datenstrukturen im VLSI-Design},
	Publisher    = {Springer},
	Year         = {1998},
	Address      = {Berlin}
}

@misc{h2011,
	Author 		 = {Hofferek, G.},
	Title 		 = {Binary Decision Diagrams (BDDs)},
	Year 		 = {2011},
	Howpublished = {\url{https://www.iaik.tugraz.at/content/teaching/bachelor_courses/logik_und_berechenbarkeit/download/BDDs_handout_LuB.pdf}},
	Note 		 = {Zuletzt zugegriffen am: 2018-02-20}
}

@book{ms1999,
	Author       = {Molitor, P. and Scholl, C.},
	Title        = {Datenstrukturen und effiziente Algorithmen für die Logiksynthese kombinatorischer Schaltungen},
	Publisher    = {Teubner},
	Year         = {1999},
	Address      = {Leipzig}
}

@misc{km2007,
	Author 		 = {Kong, S. and Malec, D.},
	Title 		 = {Advanced Algorithms},
	Year 		 = {2007},
	Howpublished = {\url{http://pages.cs.wisc.edu/~shuchi/courses/787-F07/scribe-notes/lecture09.pdf}},
	Note 		 = {Zuletzt zugegriffen am: 2018-02-20}
}

@misc{a2010,
	Author 		 = {Artale, A.},
	Title 		 = {BINARY DECISION DIAGRAMS},
	Year 		 = {2010},
	Howpublished = {\url{https://www.inf.unibz.it/~artale/FM/slide7.pdf}},
	Note 		 = {Zuletzt zugegriffen am: 2018-02-21}
}

@book{k2011,
	Author       = {Knuth, D. E.},
	Title        = {The Art of Computer Programming},
	Publisher    = {Addison Wesley},
	Year         = {2011},
	Address      = {Boston}
}

@article{miy1990,
	Author          = {Minato, S. and Ishiura, N. and Yajima, S.},
	Title           = {Shared binary decision diagram with attributed edges for efficient boolean function manipulation},
	Publisher		= {IEEE},
	Journal         = {Design Automation Conference},
	Volume          = {},
	Number          = {},
	Year            = {1990},
	Pages           = {52-57}
}

@misc{j2001,
	Author 		 = {Janssen, G.},
	Title 		 = {Design of a Pointerless BDD Package},
	Year 		 = {2001},
	Howpublished = {\url{https://www.research.ibm.com/haifa/projects/verification/SixthSense/papers/bdd_iwls_01.pdf}},
	Note 		 = {Zuletzt zugegriffen am: 2018-02-22}
}

@misc{h2002,
	Author 		 = {Hett, A.},
	Title 		 = {Binäre Expression-Diagramme},
	Year 		 = {2002},
	Howpublished = {\url{http://d-nb.info/96453326X/34}},
	Note 		 = {Zuletzt zugegriffen am: 2018-02-13}
}

@book{dfe2005,
	Author       = {Drechsler, R. and Fey, G. and Ebendt, R.},
	Title        = {Advanced BDD Optimization},
	Publisher    = {Springer},
	Year         = {2005},
	Address      = {Berlin}
}

@misc{s1997,
	Author 		 = {Schneider, C.},
	Title 		 = {Implementierung von Automaten-Algorithmen mit Hilfe von bin{\"a}ren Entscheidungsdiagrammen},
	Year 		 = {1997},
	Howpublished = {\url{http://www.risc.jku.at/publications/download/risc_182/OBDDAutomaton.ps}},
	Note 		 = {Zuletzt zugegriffen am: 2018-02-25}
}

@book{k2003,
	Author       = {Kuehlmann, A.},
	Title        = {The Best of ICCAD: 20 Years of Excellence in Computer-Aided Design},
	Publisher    = {Springer},
	Year         = {2003},
	Address      = {New York}
}

@misc{r2007,
	Author 		 = {Loogen, R.},
	Title 		 = {Schaltfunktionen und ihre Darstellung},
	Year 		 = {2007},
	Howpublished = {\url{http://www.mathematik.uni-marburg.de/~loogen/Lehre/ws07/TechInf1/Folien/TechInf1Lo02Folien.pdf}},
	Note 		 = {Zuletzt zugegriffen am: 2018-02-17}
}

@article{bw1999,
	Author          = {Bollig, B. and Wegener, I.},
	Title           = {Complexity Theoretical Results on Partitioned Binary Decision Diagrams},
	Publisher		= {Theory of Computing Systems},
	Volume          = {32},
	Number          = {4},
	Year            = {1999},
	Pages           = {487-503}
}

@misc{g2002,
	Author 		 = {G{\"u}nther, W.},
	Title 		 = {Binary Decision Diagrams},
	Year 		 = {2002},
	Howpublished = {\url{https://ira.informatik.uni-freiburg.de/teaching/verif-2002/Folien/2bdd.pdf}},
	Note 		 = {Zuletzt zugegriffen am: 2018-02-10}
}

@misc{gb2005,
	Author 		 = {Grudenic, I. and Bogunovic, N.},
	Title 		 = {BDD complexity analysis of multiplier circuits},
	Year 		 = {2005},
	Howpublished = {\url{https://bib.irb.hr/datoteka/199194.BDD_complexity_analysis_of_multiplier_circuits.pdf}},
	Note 		 = {Zuletzt zugegriffen am: 2018-02-18}
}

@article{fs1990,
	Author          = {Friedman, S. J. and Supowit, K. J.},
	Title           = {Finding the optimal variable ordering for binary decision diagrams},
	Publisher		= {IEEE},
	Volume          = {},
	Number          = {},
	Year            = {1990},
	Pages           = {710-713}
}

@article{ws1993,
	Author          = {Wegener, I. and Sieling, D.},
	Title           = {Reduction of BDDs in linear time},
	Publisher		= {Information Processing Letters},
	Volume          = {48},
	Number          = {3},
	Year            = {1993},
	Pages           = {139-144}
}

@article{isy1991,
	Author          = {Ishiura, N. and Sawada, H. and Yajima, S.},
	Title           = {Minimization of Binary Decision Diagrams Based on Exchanges of Variables},
	Publisher		= {Proceedings International Conference on Computer-Aided Design},
	Volume          = {},
	Number          = {},
	Year            = {1991},
	Pages           = {472-475}
}

@article{r1993,
	Author          = {Rudell, R.},
	Title           = {Dynamic Variable Ordering for Ordered Binary Decision Diagrams},
	Publisher		= {ICCAD},
	Volume          = {},
	Number          = {},
	Year            = {1993},
	Pages           = {42-47}
}

@article{dgs2001,
	Author          = {Drechsler, R. and G{\"a}nther, W. and Somenzi, F.},
	Title           = {Using lower bounds during dynamic BDD minimization},
	Publisher		= {IEEE},
	Volume          = {20},
	Number          = {1},
	Year            = {2001},
	Pages           = {51-57}
}

@misc{d,
	Author 		 = {Dubrova, E.},
	Title 		 = {Advanced Logic Design},
	Year 		 = {},
	Howpublished = {\url{https://people.kth.se/~dubrova/LScourse/LECTURES/lecture4.pdf}},
	Note 		 = {Zuletzt zugegriffen am: 2018-02-24}
}

@misc{m2007,
	Author 		 = {Molitor, P.},
	Title 		 = {Darstellung Boolescher Funktionen},
	Year 		 = {2007},
	Howpublished = {\url{http://nirvana.informatik.uni-halle.de/~molitor/pearson/7092/vorlesung/kapitel_06/kapitel6.pdf}},
	Note 		 = {Zuletzt zugegriffen am: 2018-02-19}
}

@misc{s2010,
	Author 		 = {Schneider, T.},
	Title 		 = {Aussagenlogik},
	Year 		 = {2010},
	Howpublished = {\url{http://www.informatik.uni-bremen.de/tdki/lehre/ws10/logik/Teil1.pdf}},
	Note 		 = {Zuletzt zugegriffen am: 2018-02-11}
}

@article{sw1996,
	Author          = {Sauerhoff, M. and Wegener, I.},
	Title           = {On the Complexity of Minimizing the OBDD Size for Incompletely Specified Functions},
	Publisher		= {IEEE Trans. Computer-Aided Design},
	Volume          = {15},
	Number          = {},
	Year            = {1996},
	Pages           = {1435-1437}
}

@misc{ocvs1996,
	Author          = {Oliveira, A. L. and Villa, T. and Carloni, L. and Sangiovannir-Vincentelli, A.},
	Title           = {Exact Minimization of Boolean Decision Diagrams Using Implicit Techniques},
	Year 		 = {1996},
	Publisher		= {Technical Report UCB ERL M96/16},
	Howpublished = {},
	Note 		 = {}
}

@article{shsb1994,
	Author          = {Shiple, T. and Hojati, R. and Brayton, R. K. and Sangiovannir-Vincentelli, A.},
	Title           = {Heuristic Minimization of BDDs Using Don't Cares},
	Publisher		= {Proc. Design Automation Conference},
	Volume          = {},
	Number          = {},
	Year            = {1994},
	Pages           = {225-231}
}

@misc{m1992,
	Author 		 = {McMillan, K. L.},
	Title 		 = {Symbolic Model Checking},
	Year 		 = {1992},
	Howpublished = {\url{http://www.kenmcmil.com/pubs/thesis.pdf}},
	Note 		 = {Zuletzt zugegriffen am: 2018-02-12}
}

@misc{s,
	Author 		 = {Somenzi, F.},
	Title 		 = {Binary Decision Diagrams},
	Year 		 = {},
	Howpublished = {\url{http://www.ecs.umass.edu/ece/labs/vlsicad/ece667/reading/somenzi99bdd.pdf}},
	Note 		 = {Zuletzt zugegriffen am: 2018-03-01}
}

@misc{f2011,
	Author 		 = {Franco, J.},
	Title 		 = {Binary Decision Diagrams},
	Year 		 = {2011},
	Howpublished = {\url{http://gauss.ececs.uc.edu/Courses/c626/lectures/BDD/bdd-desc.pdf}},
	Note 		 = {Zuletzt zugegriffen am: 2018-03-01}
}

@book{cbm1989,
	Author          = {Coudert, O. and Berthet, C. and Madre, J. C.},
	Title           = {Verification of Synchronous Sequential Machines Based on Symbolic Execution},
	Publisher		= {Springer},
	Year         = {1989},
	Address      = {Berlin}
}

@book{ow1990,
	Author       = {Ottmann, T. and Widmayer, P.},
	Title        = {Algorithmen und Datenstrukturen},
	Publisher    = {BI-Wissenschaftsverlag},
	Year         = {1990},
	Address      = {Berlin}
}

@article{p1957,
	Author          = {Peterson, W. W.},
	Title           = {Addressing for random-access storage},
	Publisher		= {IBM Journal of Research and Development},
	Volume          = {1},
	Number          = {2},
	Year            = {1957},
	Pages           = {130-146}
}

@book{s1992,
	Author          = {Sedgewick, R.},
	Title           = {Algorithmen in C},
	Publisher		= {Addison-Wesley},
	Year         = {1992},
	Address      = {Boston}
}

@article{ybobcjrs1998,
	Author          = {Yang, B. and Bryant, R. E. and O'Hallaron, D. and Biere, A. and Coudert, O. and Janssen, G. and Ranjan, R. K. and Somenzi, F.},
	Title           = {A performance study of BDD-based model checking},
	Publisher		= {Proceedings of Formal Methods in Computer-Aided Design},
	Volume          = {},
	Number          = {},
	Year            = {1998},
	Pages           = {255-289}
}

@misc{bclkd1993, 
	Author 		= {Burch, J. R. and Clarke, E. M. and Long, D. E. and McMillan, K. L. and Dill, D. L.},  
	Title 		= {Symbolic Model Checking for Sequential Circuit Verification},  
	Year 		= {1993}, 
	Url 		= {http://repository.cmu.edu/cgi/viewcontent.cgi?article=1398&context=compsci},
	Note 		= {Zuletzt zugegriffen am: 2018-02-13}
}

@misc{s2008, 
	Author 		= {Spinczyk, O.},
	Title 		= {Speicherverwaltung},  
	Year 		= {2008}, 
	Url 		= {https://ess.cs.tu-dortmund.de/Teaching/SS2008/BSRvS1/Downloads/U4-Speicherverwaltung-1x2.pdf},
	Note 		= {Zuletzt zugegriffen am: 2018-02-16}
} 

@article{l1989,
	Author          = {Lisanke, R.},
	Title           = {Logic Synthesis Benchmarks},
	Publisher		= {International Workshop on Logic Synthesis},
	Volume          = {},
	Number          = {},
	Year            = {1989},
	Pages           = {}
}

@misc{b1988, 
	Author 		= {Bryan, D.},
	Title 		= {The ISCAS'85 benchmark circuits and netlist format},  
	Year 		= {1988}, 
	Url 		= {https://ddd.fit.cvut.cz/prj/Benchmarks/iscas85.pdf},
	Note 		= {Zuletzt zugegriffen am: 2018-02-23}
}

@article{j2003,
	Author          = {Janssen, G.},
	Title           = {A Consumer Report on BDD Packages},
	Publisher		= {Proceedings of the 16th Symposium on Integrated Circuits and Systems Design},
	Volume          = {},
	Number          = {},
	Year            = {2003},
	Pages           = {}
}

@misc{lsx2015, 
	Author 		= {Lv, G. and Su, K. and Xu, Y.},
	Title 		= {CacBDD: A BDD Package with Dynamic Cache Management},  
	Year 		= {2015}, 
	Url 		= {http://www.kailesu.net/CacBDD/CacBDD.pdf},
	Note 		= {Zuletzt zugegriffen am: 2018-02-19}
}

@book{clrs2001,
	Author          = {Cormen, T. H. and Leiserson, C. E. and Rivest, R. L. and Stein, C.},
	Title           = {Introduction to Algorithms},
	Publisher		= {The Mit Press},
	Year         = {2001},
	Address      = {Cambridge}
}

@article{lyd1971,
	Author          = {Lum, V. Y. and Yuen, P. S. T. and Dodd, M.},
	Title           = {Key-to-address transform techniques: Performance study on large existing formatted files},
	Publisher		= {Communications of the ACM},
	Volume          = {14},
	Number          = {4},
	Year            = {1971},
	Pages           = {228–239}
}

@article{gkn2015,
	Author          = {Emden, R. G. and Koutsofios, E. and North, S.},
	Title           = {Drawing graphs with dot},
	Year 		= {2015}, 
	Url 		= {http://www.graphviz.org/pdf/dotguide.pdf},
	Note 		= {Zuletzt zugegriffen am: 2018-03-03}
}

@misc{ikrr2010, 
	Author 		= {Igler, D. and Krümmel, N. and Ried, M. and Renz, B.},
	Title 		= {Kurzanleitung UML},  
	Year 		= {2010}, 
	Url 		= {https://homepages.thm.de/~hg11260/mat/uml.pdf},
	Note 		= {Zuletzt zugegriffen am: 2018-03-03}
}

@misc{l2015, 
	Author 		= {Garg, L.},
	Title 		= {Why Do We Need size\_t?},  
	Year 		= {2015}, 
	Url 		= {https://prateekvjoshi.com/2015/01/03/why-do-we-need-size_t/},
	Note 		= {Zuletzt zugegriffen am: 2018-03-02}
}

@misc{h1999, 
	Author 		= {Hayes, J. P.},
	Title 		= {ISCAS High-Level Models},  
	Year 		= {1999}, 
	Url 		= {http://web.eecs.umich.edu/~jhayes/iscas.restore/},
	Note 		= {Zuletzt zugegriffen am: 2018-03-02}
}
